<?xml version="1.0" encoding="UTF-8"?>
  <record xmlns="http://www.loc.gov/MARC21/slim" type="Authority">
    <leader>00000nz  a2200000nc 4500</leader>
    <controlfield tag="001">118594702</controlfield>
    <controlfield tag="003">DE-101</controlfield>
    <controlfield tag="005">20200304085755.0</controlfield>
    <controlfield tag="008">880701n||azznnaabn           | aaa    |c</controlfield>
    <datafield tag="024" ind1="7" ind2=" ">
      <subfield code="a">118594702</subfield>
      <subfield code="0">http://d-nb.info/gnd/118594702</subfield>
      <subfield code="2">gnd</subfield>
    </datafield>
    <datafield tag="035" ind1=" " ind2=" ">
      <subfield code="a">(DE-101)118594702</subfield>
    </datafield>
    <datafield tag="035" ind1=" " ind2=" ">
      <subfield code="a">(DE-588)118594702</subfield>
    </datafield>
    <datafield tag="035" ind1=" " ind2=" ">
      <subfield code="z">(DE-588)1073522903</subfield>
    </datafield>
    <datafield tag="035" ind1=" " ind2=" ">
      <subfield code="z">(DE-588)187563527</subfield>
    </datafield>
    <datafield tag="035" ind1=" " ind2=" ">
      <subfield code="z">(DE-588a)187563527</subfield>
      <subfield code="9">v:zg</subfield>
    </datafield>
    <datafield tag="035" ind1=" " ind2=" ">
      <subfield code="z">(DE-588)157396274</subfield>
    </datafield>
    <datafield tag="035" ind1=" " ind2=" ">
      <subfield code="z">(DE-588a)157396274</subfield>
      <subfield code="9">v:zg</subfield>
    </datafield>
    <datafield tag="035" ind1=" " ind2=" ">
      <subfield code="z">(DE-588)1035113074</subfield>
    </datafield>
    <datafield tag="035" ind1=" " ind2=" ">
      <subfield code="z">(DE-588)158305698</subfield>
    </datafield>
    <datafield tag="035" ind1=" " ind2=" ">
      <subfield code="z">(DE-588a)158305698</subfield>
      <subfield code="9">v:zg</subfield>
    </datafield>
    <datafield tag="035" ind1=" " ind2=" ">
      <subfield code="z">(DE-588a)118594702</subfield>
      <subfield code="9">v:zg</subfield>
    </datafield>
    <datafield tag="035" ind1=" " ind2=" ">
      <subfield code="z">(DE-588c)4046174-9</subfield>
      <subfield code="9">v:zg</subfield>
    </datafield>
    <datafield tag="040" ind1=" " ind2=" ">
      <subfield code="a">DE-101</subfield>
      <subfield code="c">DE-101</subfield>
      <subfield code="9">r:DE-384</subfield>
      <subfield code="b">ger</subfield>
      <subfield code="d">1841</subfield>
      <subfield code="e">rda</subfield>
    </datafield>
    <datafield tag="042" ind1=" " ind2=" ">
      <subfield code="a">gnd1</subfield>
    </datafield>
    <datafield tag="043" ind1=" " ind2=" ">
      <subfield code="c">XA-VA</subfield>
      <subfield code="c">XA-IT</subfield>
    </datafield>
    <datafield tag="065" ind1=" " ind2=" ">
      <subfield code="a">16.5p</subfield>
      <subfield code="2">sswd</subfield>
    </datafield>
    <datafield tag="065" ind1=" " ind2=" ">
      <subfield code="a">3.6p</subfield>
      <subfield code="2">sswd</subfield>
    </datafield>
    <datafield tag="065" ind1=" " ind2=" ">
      <subfield code="a">12.2p</subfield>
      <subfield code="2">sswd</subfield>
    </datafield>
    <datafield tag="075" ind1=" " ind2=" ">
      <subfield code="b">p</subfield>
      <subfield code="2">gndgen</subfield>
    </datafield>
    <datafield tag="075" ind1=" " ind2=" ">
      <subfield code="b">piz</subfield>
      <subfield code="2">gndspec</subfield>
    </datafield>
    <datafield tag="079" ind1=" " ind2=" ">
      <subfield code="a">g</subfield>
      <subfield code="q">a</subfield>
      <subfield code="q">d</subfield>
      <subfield code="q">f</subfield>
      <subfield code="q">n</subfield>
      <subfield code="q">s</subfield>
      <subfield code="q">z</subfield>
      <subfield code="u">v</subfield>
      <subfield code="u">w</subfield>
      <subfield code="u">k</subfield>
      <subfield code="u">o</subfield>
    </datafield>
    <datafield tag="100" ind1="0" ind2=" ">
      <subfield code="a">Pius</subfield>
      <subfield code="b">II.</subfield>
      <subfield code="c">Papst</subfield>
      <subfield code="d">1405-1464</subfield>
    </datafield>
    <datafield tag="375" ind1=" " ind2=" ">
      <subfield code="a">1</subfield>
      <subfield code="2">iso5218</subfield>
    </datafield>
    <datafield tag="400" ind1="0" ind2=" ">
      <subfield code="a">Pius</subfield>
      <subfield code="b">II.</subfield>
      <subfield code="c">Papa</subfield>
      <subfield code="d">1405-1464</subfield>
    </datafield>
    <datafield tag="400" ind1="1" ind2=" ">
      <subfield code="a">Piccolomini, Enea Silvio &#152;de'&#156;</subfield>
      <subfield code="d">1405-1464</subfield>
      <subfield code="4">nafr</subfield>
      <subfield code="4">https://d-nb.info/standards/elementset/gnd#EarlierNameOfThePerson</subfield>
      <subfield code="w">r</subfield>
      <subfield code="i">Frueherer Name</subfield>
      <subfield code="e">Frueherer Name</subfield>
    </datafield>
    <datafield tag="400" ind1="0" ind2=" ">
      <subfield code="a">Aeneas Sylvius</subfield>
      <subfield code="c">Piccolhomineus</subfield>
      <subfield code="d">1405-1464</subfield>
    </datafield>
    <datafield tag="400" ind1="0" ind2=" ">
      <subfield code="a">Aeneas Sylvius</subfield>
      <subfield code="c">Piccolominaeus</subfield>
      <subfield code="d">1405-1464</subfield>
    </datafield>
    <datafield tag="400" ind1="0" ind2=" ">
      <subfield code="a">Aeneas Sylvius</subfield>
      <subfield code="c">Picolhominaeus</subfield>
      <subfield code="d">1405-1464</subfield>
    </datafield>
    <datafield tag="400" ind1="0" ind2=" ">
      <subfield code="a">Enea</subfield>
      <subfield code="c">Piccolomini</subfield>
      <subfield code="d">1405-1464</subfield>
    </datafield>
    <datafield tag="400" ind1="0" ind2=" ">
      <subfield code="a">Eneas</subfield>
      <subfield code="c">Silvius</subfield>
      <subfield code="d">1405-1464</subfield>
    </datafield>
    <datafield tag="400" ind1="0" ind2=" ">
      <subfield code="a">Eneas Pius</subfield>
      <subfield code="c">Senensis</subfield>
      <subfield code="d">1405-1464</subfield>
    </datafield>
    <datafield tag="400" ind1="0" ind2=" ">
      <subfield code="a">Enea-Silvio</subfield>
      <subfield code="c">Piccolomini</subfield>
      <subfield code="d">1405-1464</subfield>
    </datafield>
    <datafield tag="400" ind1="0" ind2=" ">
      <subfield code="a">Eneass</subfield>
      <subfield code="c">Sylwius</subfield>
      <subfield code="d">1405-1464</subfield>
    </datafield>
    <datafield tag="400" ind1="0" ind2=" ">
      <subfield code="a">Pie</subfield>
      <subfield code="b">II.</subfield>
      <subfield code="c">Pape</subfield>
      <subfield code="d">1405-1464</subfield>
    </datafield>
    <datafield tag="400" ind1="0" ind2=" ">
      <subfield code="a">Pio</subfield>
      <subfield code="b">II.</subfield>
      <subfield code="c">Papa</subfield>
      <subfield code="d">1405-1464</subfield>
    </datafield>
    <datafield tag="400" ind1="0" ind2=" ">
      <subfield code="a">Pius</subfield>
      <subfield code="b">II.</subfield>
      <subfield code="c">Pontifex Maximus</subfield>
      <subfield code="d">1405-1464</subfield>
    </datafield>
    <datafield tag="400" ind1="1" ind2=" ">
      <subfield code="a">Piccolhomineus, Aeneas Sylvius</subfield>
      <subfield code="d">1405-1464</subfield>
    </datafield>
    <datafield tag="400" ind1="1" ind2=" ">
      <subfield code="a">Piccolominaeus, Aeneas Sylvius Bartholomaeus</subfield>
      <subfield code="d">1405-1464</subfield>
    </datafield>
    <datafield tag="400" ind1="1" ind2=" ">
      <subfield code="a">Piccolomini, Aeneas Sylvius Bartholomaeus</subfield>
      <subfield code="d">1405-1464</subfield>
    </datafield>
    <datafield tag="400" ind1="1" ind2=" ">
      <subfield code="a">Piccolomini, Enea</subfield>
      <subfield code="d">1405-1464</subfield>
    </datafield>
    <datafield tag="400" ind1="1" ind2=" ">
      <subfield code="a">Piccolomini, Eneas Silvio</subfield>
      <subfield code="d">1405-1464</subfield>
    </datafield>
    <datafield tag="400" ind1="1" ind2=" ">
      <subfield code="a">Picolhominaeus, Aeneas Sylvius</subfield>
      <subfield code="d">1405-1464</subfield>
    </datafield>
    <datafield tag="400" ind1="1" ind2=" ">
      <subfield code="a">Picolhominaeus von Senis, Aeneas Sylvius</subfield>
      <subfield code="d">1405-1464</subfield>
    </datafield>
    <datafield tag="400" ind1="1" ind2=" ">
      <subfield code="a">Senis, Aeneas Sylvius Picolhominaeus &#152;von&#156;</subfield>
      <subfield code="d">1405-1464</subfield>
    </datafield>
    <datafield tag="400" ind1="1" ind2=" ">
      <subfield code="a">Silvius, Eneas</subfield>
      <subfield code="d">1405-1464</subfield>
    </datafield>
    <datafield tag="400" ind1="1" ind2=" ">
      <subfield code="a">Sylwius, Eneass</subfield>
      <subfield code="d">1405-1464</subfield>
    </datafield>
    <datafield tag="400" ind1="1" ind2=" ">
      <subfield code="a">Sylvius, Piccolomini A.</subfield>
      <subfield code="d">1405-1464</subfield>
    </datafield>
    <datafield tag="400" ind1="0" ind2=" ">
      <subfield code="a">Aeneas</subfield>
      <subfield code="c">Sylvius</subfield>
      <subfield code="d">1405-1464</subfield>
    </datafield>
    <datafield tag="400" ind1="1" ind2=" ">
      <subfield code="a">Piccolomineus, Aeneas Silvius</subfield>
      <subfield code="d">1405-1464</subfield>
    </datafield>
    <datafield tag="400" ind1="1" ind2=" ">
      <subfield code="a">Piccolomini, Enea S.</subfield>
      <subfield code="d">1405-1464</subfield>
    </datafield>
    <datafield tag="400" ind1="0" ind2=" ">
      <subfield code="a">Pius</subfield>
      <subfield code="c">Papa II.</subfield>
      <subfield code="d">1405-1464</subfield>
    </datafield>
    <datafield tag="400" ind1="0" ind2=" ">
      <subfield code="a">Aeneas Silvius</subfield>
      <subfield code="c">Piccolomini</subfield>
      <subfield code="d">1405-1464</subfield>
    </datafield>
    <datafield tag="400" ind1="0" ind2=" ">
      <subfield code="a">Aeneas Sylvius</subfield>
      <subfield code="c">Piccolomineus</subfield>
      <subfield code="d">1405-1464</subfield>
    </datafield>
    <datafield tag="400" ind1="0" ind2=" ">
      <subfield code="a">Aeneas Sylvius</subfield>
      <subfield code="c">Senensis</subfield>
      <subfield code="d">1405-1464</subfield>
    </datafield>
    <datafield tag="400" ind1="1" ind2=" ">
      <subfield code="a">Piccolomini, Aeneas Silvius</subfield>
      <subfield code="d">1405-1464</subfield>
    </datafield>
    <datafield tag="400" ind1="1" ind2=" ">
      <subfield code="a">Piccolomini, Aeneas Sylvius</subfield>
      <subfield code="d">1405-1464</subfield>
    </datafield>
    <datafield tag="400" ind1="1" ind2=" ">
      <subfield code="a">Piccolomini, Enea Silvio</subfield>
      <subfield code="d">1405-1464</subfield>
    </datafield>
    <datafield tag="400" ind1="1" ind2=" ">
      <subfield code="a">Piccolomini, Eneas Silvius</subfield>
      <subfield code="d">1405-1464</subfield>
    </datafield>
    <datafield tag="400" ind1="1" ind2=" ">
      <subfield code="a">Piccolomineus, Aeneas Sylvius</subfield>
      <subfield code="d">1405-1464</subfield>
    </datafield>
    <datafield tag="400" ind1="1" ind2=" ">
      <subfield code="a">Silvius, Aeneas</subfield>
      <subfield code="d">1405-1464</subfield>
    </datafield>
    <datafield tag="400" ind1="1" ind2=" ">
      <subfield code="a">Sylvius, Aeneas</subfield>
      <subfield code="d">1405-1464</subfield>
    </datafield>
    <datafield tag="400" ind1="0" ind2=" ">
      <subfield code="a">Aeneas</subfield>
      <subfield code="c">Silvius</subfield>
      <subfield code="d">1405-1464</subfield>
    </datafield>
    <datafield tag="400" ind1="0" ind2=" ">
      <subfield code="a">Aeneas Sylvius</subfield>
      <subfield code="c">Piccolomini</subfield>
      <subfield code="d">1405-1464</subfield>
    </datafield>
    <datafield tag="400" ind1="0" ind2=" ">
      <subfield code="a">Enea Silvio</subfield>
      <subfield code="c">de' Piccolomini</subfield>
      <subfield code="d">1405-1464</subfield>
    </datafield>
    <datafield tag="400" ind1="0" ind2=" ">
      <subfield code="a">Pie</subfield>
      <subfield code="b">II</subfield>
      <subfield code="c">Pope</subfield>
      <subfield code="d">1405-1464</subfield>
    </datafield>
    <datafield tag="400" ind1="0" ind2=" ">
      <subfield code="a">Enea Silvio Piccolomini</subfield>
      <subfield code="d">1405-1464</subfield>
    </datafield>
    <datafield tag="400" ind1="0" ind2=" ">
      <subfield code="9">L:fre</subfield>
      <subfield code="a">Pius</subfield>
      <subfield code="b">II</subfield>
      <subfield code="c">Pape</subfield>
      <subfield code="d">1405-1464</subfield>
      <subfield code="5">CH-GND</subfield>
    </datafield>
    <datafield tag="400" ind1="0" ind2=" ">
      <subfield code="a">Pio</subfield>
      <subfield code="b">II</subfield>
      <subfield code="c">Pope</subfield>
      <subfield code="d">1405-1464</subfield>
    </datafield>
    <datafield tag="400" ind1="1" ind2=" ">
      <subfield code="a">Piccolomineus, Enee Silvius</subfield>
      <subfield code="d">1405-1464</subfield>
    </datafield>
    <datafield tag="400" ind1="0" ind2=" ">
      <subfield code="a">Pie</subfield>
      <subfield code="b">II</subfield>
      <subfield code="c">Pape</subfield>
      <subfield code="d">1405-1464</subfield>
    </datafield>
    <datafield tag="400" ind1="0" ind2=" ">
      <subfield code="a">Pio</subfield>
      <subfield code="b">II</subfield>
      <subfield code="c">Pape</subfield>
      <subfield code="d">1405-1464</subfield>
    </datafield>
    <datafield tag="400" ind1="0" ind2=" ">
      <subfield code="a">Eneás Silvius</subfield>
      <subfield code="d">1405-1464</subfield>
    </datafield>
    <datafield tag="400" ind1="0" ind2=" ">
      <subfield code="a">Pio</subfield>
      <subfield code="b">II</subfield>
      <subfield code="c">Papa</subfield>
      <subfield code="d">1405-1464</subfield>
    </datafield>
    <datafield tag="400" ind1="1" ind2=" ">
      <subfield code="a">Sylenius, Aeneas</subfield>
      <subfield code="d">1405-1464</subfield>
    </datafield>
    <datafield tag="400" ind1="0" ind2=" ">
      <subfield code="a">Aeneas Sylenius</subfield>
      <subfield code="d">1405-1464</subfield>
    </datafield>
    <datafield tag="400" ind1="1" ind2=" ">
      <subfield code="a">Silvius, Enee</subfield>
      <subfield code="d">1405-1464</subfield>
    </datafield>
    <datafield tag="400" ind1="0" ind2=" ">
      <subfield code="a">Enee Silvius</subfield>
      <subfield code="d">1405-1464</subfield>
    </datafield>
    <datafield tag="400" ind1="1" ind2=" ">
      <subfield code="a">Piccolominus, Aeneas Sylvius</subfield>
      <subfield code="d">1405-1464</subfield>
    </datafield>
    <datafield tag="400" ind1="0" ind2=" ">
      <subfield code="a">Eneas Silvius Piccolomini</subfield>
      <subfield code="d">1405-1464</subfield>
    </datafield>
    <datafield tag="400" ind1="0" ind2=" ">
      <subfield code="a">Pius</subfield>
      <subfield code="b">II</subfield>
      <subfield code="c">Papst</subfield>
      <subfield code="d">1405-1464</subfield>
    </datafield>
    <datafield tag="400" ind1="0" ind2=" ">
      <subfield code="a">Pie</subfield>
      <subfield code="b">II</subfield>
      <subfield code="c">Papst</subfield>
      <subfield code="d">1405-1464</subfield>
    </datafield>
    <datafield tag="400" ind1="0" ind2=" ">
      <subfield code="a">Papst Pius II.</subfield>
      <subfield code="d">1405-1464</subfield>
    </datafield>
    <datafield tag="400" ind1="0" ind2=" ">
      <subfield code="a">Pio</subfield>
      <subfield code="b">II</subfield>
      <subfield code="c">Papst</subfield>
      <subfield code="d">1405-1464</subfield>
    </datafield>
    <datafield tag="400" ind1="0" ind2=" ">
      <subfield code="9">L:eng</subfield>
      <subfield code="a">Pius</subfield>
      <subfield code="b">II</subfield>
      <subfield code="c">Pope</subfield>
      <subfield code="d">1405-1464</subfield>
      <subfield code="5">CH-GND</subfield>
    </datafield>
    <datafield tag="400" ind1="0" ind2=" ">
      <subfield code="a">Aeneas Silvius Piccolomini</subfield>
      <subfield code="d">1405-1464</subfield>
    </datafield>
    <datafield tag="400" ind1="0" ind2=" ">
      <subfield code="a">Pius</subfield>
      <subfield code="b">2</subfield>
      <subfield code="c">Papa</subfield>
      <subfield code="d">1405-1464</subfield>
    </datafield>
    <datafield tag="500" ind1="1" ind2=" ">
      <subfield code="0">(DE-101)118635735</subfield>
      <subfield code="0">(DE-588)118635735</subfield>
      <subfield code="0">https://d-nb.info/gnd/118635735</subfield>
      <subfield code="a">Wyle, Niklas &#152;von&#156;</subfield>
      <subfield code="d">1410-1478</subfield>
      <subfield code="4">beza</subfield>
      <subfield code="4">https://d-nb.info/standards/elementset/gnd#acquaintanceshipOrFriendship</subfield>
      <subfield code="w">r</subfield>
      <subfield code="i">Bekanntschaft</subfield>
      <subfield code="e">Bekanntschaft</subfield>
      <subfield code="9">v:VD-16 Mitverf.</subfield>
    </datafield>
    <datafield tag="500" ind1="1" ind2=" ">
      <subfield code="a">Decembrio, Pietro Candido</subfield>
      <subfield code="4">beza</subfield>
      <subfield code="4">https://d-nb.info/standards/elementset/gnd#acquaintanceshipOrFriendship</subfield>
      <subfield code="w">r</subfield>
      <subfield code="i">Bekanntschaft</subfield>
      <subfield code="e">Bekanntschaft</subfield>
      <subfield code="9">v:VD-16 Mitverf.</subfield>
    </datafield>
    <datafield tag="500" ind1="1" ind2=" ">
      <subfield code="0">(DE-101)119768178</subfield>
      <subfield code="0">(DE-588)119768178</subfield>
      <subfield code="0">https://d-nb.info/gnd/119768178</subfield>
      <subfield code="a">Motschiedler, Georg</subfield>
      <subfield code="4">beza</subfield>
      <subfield code="4">https://d-nb.info/standards/elementset/gnd#acquaintanceshipOrFriendship</subfield>
      <subfield code="w">r</subfield>
      <subfield code="i">Bekanntschaft</subfield>
      <subfield code="e">Bekanntschaft</subfield>
      <subfield code="9">v:VD-16 Mitverf.</subfield>
    </datafield>
    <datafield tag="500" ind1="1" ind2=" ">
      <subfield code="0">(DE-101)118681206</subfield>
      <subfield code="0">(DE-588)118681206</subfield>
      <subfield code="0">https://d-nb.info/gnd/118681206</subfield>
      <subfield code="a">Du Moulin, Charles</subfield>
      <subfield code="d">1500-1566</subfield>
      <subfield code="4">beza</subfield>
      <subfield code="4">https://d-nb.info/standards/elementset/gnd#acquaintanceshipOrFriendship</subfield>
      <subfield code="w">r</subfield>
      <subfield code="i">Bekanntschaft</subfield>
      <subfield code="e">Bekanntschaft</subfield>
      <subfield code="9">v:VD-16 Mitverf.</subfield>
    </datafield>
    <datafield tag="500" ind1="1" ind2=" ">
      <subfield code="0">(DE-101)118747681</subfield>
      <subfield code="0">(DE-588)118747681</subfield>
      <subfield code="0">https://d-nb.info/gnd/118747681</subfield>
      <subfield code="a">Nepos, Cornelius</subfield>
      <subfield code="d">v100-v25</subfield>
      <subfield code="4">beza</subfield>
      <subfield code="4">https://d-nb.info/standards/elementset/gnd#acquaintanceshipOrFriendship</subfield>
      <subfield code="w">r</subfield>
      <subfield code="i">Bekanntschaft</subfield>
      <subfield code="e">Bekanntschaft</subfield>
      <subfield code="9">v:VD-16 Mitverf.</subfield>
    </datafield>
    <datafield tag="500" ind1="0" ind2=" ">
      <subfield code="0">(DE-101)104276533</subfield>
      <subfield code="0">(DE-588)104276533</subfield>
      <subfield code="0">https://d-nb.info/gnd/104276533</subfield>
      <subfield code="a">Beno</subfield>
      <subfield code="c">Cardinalis</subfield>
      <subfield code="d">-1100</subfield>
      <subfield code="4">beza</subfield>
      <subfield code="4">https://d-nb.info/standards/elementset/gnd#acquaintanceshipOrFriendship</subfield>
      <subfield code="w">r</subfield>
      <subfield code="i">Bekanntschaft</subfield>
      <subfield code="e">Bekanntschaft</subfield>
      <subfield code="9">v:VD-16 Mitverf.</subfield>
    </datafield>
    <datafield tag="500" ind1="1" ind2=" ">
      <subfield code="0">(DE-101)118595091</subfield>
      <subfield code="0">(DE-588)118595091</subfield>
      <subfield code="0">https://d-nb.info/gnd/118595091</subfield>
      <subfield code="a">Plinius Caecilius Secundus, Gaius</subfield>
      <subfield code="d">61-114</subfield>
      <subfield code="4">beza</subfield>
      <subfield code="4">https://d-nb.info/standards/elementset/gnd#acquaintanceshipOrFriendship</subfield>
      <subfield code="w">r</subfield>
      <subfield code="i">Bekanntschaft</subfield>
      <subfield code="e">Bekanntschaft</subfield>
      <subfield code="9">v:VD-16 Mitverf.</subfield>
    </datafield>
    <datafield tag="500" ind1="1" ind2=" ">
      <subfield code="0">(DE-101)118514474</subfield>
      <subfield code="0">(DE-588)118514474</subfield>
      <subfield code="0">https://d-nb.info/gnd/118514474</subfield>
      <subfield code="a">Brant, Sebastian</subfield>
      <subfield code="d">1458-1521</subfield>
      <subfield code="4">beza</subfield>
      <subfield code="4">https://d-nb.info/standards/elementset/gnd#acquaintanceshipOrFriendship</subfield>
      <subfield code="w">r</subfield>
      <subfield code="i">Bekanntschaft</subfield>
      <subfield code="e">Bekanntschaft</subfield>
      <subfield code="9">v:VD-16 Mitverf.</subfield>
    </datafield>
    <datafield tag="500" ind1="1" ind2=" ">
      <subfield code="0">(DE-101)118516132</subfield>
      <subfield code="0">(DE-588)118516132</subfield>
      <subfield code="0">https://d-nb.info/gnd/118516132</subfield>
      <subfield code="a">Bruni, Leonardo</subfield>
      <subfield code="d">1370-1444</subfield>
      <subfield code="4">beza</subfield>
      <subfield code="4">https://d-nb.info/standards/elementset/gnd#acquaintanceshipOrFriendship</subfield>
      <subfield code="w">r</subfield>
      <subfield code="i">Bekanntschaft</subfield>
      <subfield code="e">Bekanntschaft</subfield>
      <subfield code="9">v:VD-16 Mitverf.</subfield>
    </datafield>
    <datafield tag="500" ind1="1" ind2=" ">
      <subfield code="0">(DE-101)124947093</subfield>
      <subfield code="0">(DE-588)124947093</subfield>
      <subfield code="0">https://d-nb.info/gnd/124947093</subfield>
      <subfield code="a">Drudo, Hilarius</subfield>
      <subfield code="4">beza</subfield>
      <subfield code="4">https://d-nb.info/standards/elementset/gnd#acquaintanceshipOrFriendship</subfield>
      <subfield code="w">r</subfield>
      <subfield code="i">Bekanntschaft</subfield>
      <subfield code="e">Bekanntschaft</subfield>
      <subfield code="9">v:VD-16 Mitverf.</subfield>
    </datafield>
    <datafield tag="548" ind1=" " ind2=" ">
      <subfield code="a">1405-1464</subfield>
      <subfield code="4">datl</subfield>
      <subfield code="4">https://d-nb.info/standards/elementset/gnd#dateOfBirthAndDeath</subfield>
      <subfield code="w">r</subfield>
      <subfield code="i">Lebensdaten</subfield>
    </datafield>
    <datafield tag="548" ind1=" " ind2=" ">
      <subfield code="a">18.10.1405-14.08.1464</subfield>
      <subfield code="4">datx</subfield>
      <subfield code="4">https://d-nb.info/standards/elementset/gnd#dateOfBirthAndDeath</subfield>
      <subfield code="w">r</subfield>
      <subfield code="i">Exakte Lebensdaten</subfield>
    </datafield>
    <datafield tag="550" ind1=" " ind2=" ">
      <subfield code="0">(DE-101)040445615</subfield>
      <subfield code="0">(DE-588)4044561-6</subfield>
      <subfield code="0">https://d-nb.info/gnd/4044561-6</subfield>
      <subfield code="a">Papst</subfield>
      <subfield code="4">berc</subfield>
      <subfield code="4">https://d-nb.info/standards/elementset/gnd#professionOrOccupation</subfield>
      <subfield code="w">r</subfield>
      <subfield code="i">Charakteristischer Beruf</subfield>
    </datafield>
    <datafield tag="550" ind1=" " ind2=" ">
      <subfield code="0">(DE-101)040533093</subfield>
      <subfield code="0">(DE-588)4053309-8</subfield>
      <subfield code="0">https://d-nb.info/gnd/4053309-8</subfield>
      <subfield code="a">Schriftsteller</subfield>
      <subfield code="4">beru</subfield>
      <subfield code="4">https://d-nb.info/standards/elementset/gnd#professionOrOccupation</subfield>
      <subfield code="w">r</subfield>
      <subfield code="i">Beruf</subfield>
    </datafield>
    <datafield tag="550" ind1=" " ind2=" ">
      <subfield code="0">(DE-101)041607775</subfield>
      <subfield code="0">(DE-588)4160777-6</subfield>
      <subfield code="0">https://d-nb.info/gnd/4160777-6</subfield>
      <subfield code="a">Humanist</subfield>
      <subfield code="4">beru</subfield>
      <subfield code="4">https://d-nb.info/standards/elementset/gnd#professionOrOccupation</subfield>
      <subfield code="w">r</subfield>
      <subfield code="i">Beruf</subfield>
    </datafield>
    <datafield tag="550" ind1=" " ind2=" ">
      <subfield code="0">(DE-101)040445615</subfield>
      <subfield code="0">(DE-588)4044561-6</subfield>
      <subfield code="0">https://d-nb.info/gnd/4044561-6</subfield>
      <subfield code="a">Papst</subfield>
      <subfield code="4">obin</subfield>
      <subfield code="4">https://d-nb.info/standards/elementset/gnd#broaderTermInstantial</subfield>
      <subfield code="w">r</subfield>
      <subfield code="i">Oberbegriff instantiell</subfield>
    </datafield>
    <datafield tag="551" ind1=" " ind2=" ">
      <subfield code="0">(DE-101)041159640</subfield>
      <subfield code="0">(DE-588)4115964-0</subfield>
      <subfield code="0">https://d-nb.info/gnd/4115964-0</subfield>
      <subfield code="a">Pienza</subfield>
      <subfield code="4">ortg</subfield>
      <subfield code="4">https://d-nb.info/standards/elementset/gnd#placeOfBirth</subfield>
      <subfield code="w">r</subfield>
      <subfield code="i">Geburtsort</subfield>
    </datafield>
    <datafield tag="551" ind1=" " ind2=" ">
      <subfield code="0">(DE-101)040019012</subfield>
      <subfield code="0">(DE-588)4001901-9</subfield>
      <subfield code="0">https://d-nb.info/gnd/4001901-9</subfield>
      <subfield code="a">Ancona</subfield>
      <subfield code="4">orts</subfield>
      <subfield code="4">https://d-nb.info/standards/elementset/gnd#placeOfDeath</subfield>
      <subfield code="w">r</subfield>
      <subfield code="i">Sterbeort</subfield>
    </datafield>
    <datafield tag="667" ind1=" " ind2=" ">
      <subfield code="a">NDSBIO</subfield>
    </datafield>
    <datafield tag="667" ind1=" " ind2=" ">
      <subfield code="a">12-PMA</subfield>
    </datafield>
    <datafield tag="667" ind1=" " ind2=" ">
      <subfield code="a">12</subfield>
    </datafield>
    <datafield tag="667" ind1=" " ind2=" ">
      <subfield code="a">7</subfield>
    </datafield>
    <datafield tag="667" ind1=" " ind2=" ">
      <subfield code="a">384</subfield>
    </datafield>
    <datafield tag="667" ind1=" " ind2=" ">
      <subfield code="a">VD-16</subfield>
    </datafield>
    <datafield tag="667" ind1=" " ind2=" ">
      <subfield code="a">VD-17</subfield>
    </datafield>
    <datafield tag="667" ind1=" " ind2=" ">
      <subfield code="a">Maschinell verknuepft mit DBL-Retro-Titeldaten</subfield>
    </datafield>
    <datafield tag="667" ind1=" " ind2=" ">
      <subfield code="a">MMm</subfield>
    </datafield>
    <datafield tag="667" ind1=" " ind2=" ">
      <subfield code="a">Quelle: LCAuth/KIDS</subfield>
    </datafield>
    <datafield tag="670" ind1=" " ind2=" ">
      <subfield code="a">B Wissen</subfield>
    </datafield>
    <datafield tag="670" ind1=" " ind2=" ">
      <subfield code="a">LThK (3. Aufl.)</subfield>
    </datafield>
    <datafield tag="670" ind1=" " ind2=" ">
      <subfield code="a">Lex. MA,VI,2190/92</subfield>
    </datafield>
    <datafield tag="670" ind1=" " ind2=" ">
      <subfield code="a">M</subfield>
    </datafield>
    <datafield tag="670" ind1=" " ind2=" ">
      <subfield code="a">Wikipedia</subfield>
      <subfield code="b">Stand: 20.06.2013</subfield>
      <subfield code="u">http://de.wikipedia.org/wiki/Pius_II.</subfield>
    </datafield>
    <datafield tag="670" ind1=" " ind2=" ">
      <subfield code="a">PND ; LCAuth</subfield>
    </datafield>
    <datafield tag="672" ind1=" " ind2="0">
      <subfield code="a">Pius II. &lt;Papst&gt;: Eneas siluius der bapst Pius genandt wart:wie im tromet das er in das reich der küngin ... 1519. (VD16 P 3119)</subfield>
    </datafield>
    <datafield tag="672" ind1=" " ind2="0">
      <subfield code="a">Pius II. &lt;Papst&gt;: Eneas Siluius von hoefen hoffleuten vnd dienern der Fürsten. Verteutscht durch Herr ... 1529. (VD16 P 3128)</subfield>
    </datafield>
    <datafield tag="672" ind1=" " ind2="0">
      <subfield code="a">Beccadelli, Antonio degli: Chronologia vitae Alphonsi et Ludovici XII. Galliae regis. 1585. (VD16 B 1316)</subfield>
    </datafield>
    <datafield tag="672" ind1=" " ind2="0">
      <subfield code="a">Pius II. &lt;Papst&gt;: AENEAE SILVII SENENSIS DE BOhemorum origine, ac gestis historia, uariarũ rerum ... 1538. (VD16 P 3104)</subfield>
    </datafield>
    <datafield tag="672" ind1=" " ind2="0">
      <subfield code="a">Pius II. &lt;Papst&gt;: PII.II.PON.M. ASIAE EVROpae\́[que] elegantiss. descriptio, mira festiuitate tum uete\[RUM] tum ... 1531. (VD16 P 3097)</subfield>
    </datafield>
    <datafield tag="672" ind1=" " ind2="0">
      <subfield code="a">Pius II. &lt;Papst&gt;: Ein Liebliche vnd Varhafftige History Von zweien Liebhabenden Menschen Euriolo vnnd ... 1560. (VD16 P 3114)</subfield>
    </datafield>
    <datafield tag="672" ind1=" " ind2="0">
      <subfield code="a">Beccadelli, Antonio degli: Chronologia vitae Alphonsi et Ludovici XII. Galliae regis. 1589. (VD16 B 1317)</subfield>
    </datafield>
    <datafield tag="672" ind1=" " ind2="0">
      <subfield code="a">Plinius Caecilius Secundus, Caius: Compendium Romanae historiae. 1544. (VD16 ZV 12579)</subfield>
    </datafield>
    <datafield tag="672" ind1=" " ind2="0">
      <subfield code="a">Pius II. &lt;Papst&gt;: Germania Enee Siluij In qua Candide Lector continentur. Grauamina germanice̜ Nationis. ... 1515. (VD16 P 3125)</subfield>
    </datafield>
    <datafield tag="672" ind1=" " ind2="0">
      <subfield code="a">Pius II. &lt;Papst&gt;: Eneas Siluius: darnach Bapst Pius Secundus genand, Der gelerts aller Bepst, sagt von ... 1539. (VD16 P 3120)</subfield>
    </datafield>
    <datafield tag="678" ind1=" " ind2=" ">
      <subfield code="b">Papst seit 1458</subfield>
    </datafield>
    <datafield tag="678" ind1=" " ind2=" ">
      <subfield code="b">Papst von 1458-1464</subfield>
    </datafield>
    <datafield tag="913" ind1=" " ind2=" ">
      <subfield code="S">pnd</subfield>
      <subfield code="i">5</subfield>
      <subfield code="a">Pius &lt;Papa, II.&gt;</subfield>
      <subfield code="0">(DE-588a)118594702</subfield>
    </datafield>
    <datafield tag="913" ind1=" " ind2=" ">
      <subfield code="S">pnd</subfield>
      <subfield code="i">5</subfield>
      <subfield code="a">Pius &lt;Papst, II.&gt;</subfield>
      <subfield code="0">(DE-588a)118594702</subfield>
    </datafield>
    <datafield tag="913" ind1=" " ind2=" ">
      <subfield code="S">pnd</subfield>
      <subfield code="i">a</subfield>
      <subfield code="a">Pius II., papa</subfield>
      <subfield code="0">(DE-588a)158305698</subfield>
    </datafield>
    <datafield tag="913" ind1=" " ind2=" ">
      <subfield code="S">pnd</subfield>
      <subfield code="i">5</subfield>
      <subfield code="a">Pius &lt;II&gt;</subfield>
      <subfield code="0">(DE-588a)157396274</subfield>
    </datafield>
    <datafield tag="913" ind1=" " ind2=" ">
      <subfield code="S">pnd</subfield>
      <subfield code="i">5</subfield>
      <subfield code="a">Pius &lt;Papa, Ii.&gt;</subfield>
      <subfield code="0">(DE-588a)187563527</subfield>
    </datafield>
  </record>
